<?xml version="1.0" encoding="utf-8"?>
<record xmlns="http://www.loc.gov/MARC21/slim" xmlns:xsi="http://www.w3.org/2001/XMLSchema-instance" xsi:schemaLocation="http://www.loc.gov/MARC21/slim http://www.loc.gov/standards/marcxml/schema/MARC21slim.xsd">
	<leader>     nam a22     Mi 4500</leader>
	<controlfield tag="001">498602</controlfield>
	<controlfield tag="003">NjP</controlfield>
	<controlfield tag="006">m        d        </controlfield>
	<controlfield tag="007">cr cn |||m|||a</controlfield>
	<controlfield tag="008">180326m19789999ir      o     000 0 ara d</controlfield>
	<datafield ind1=" " ind2=" " tag="020">
		<subfield code="z">9645927196 (v. 40)</subfield>
	</datafield>
	<datafield ind1=" " ind2=" " tag="020">
		<subfield code="z">9789645927194 (v. 40)</subfield>
	</datafield>
	<datafield ind1="7" ind2=" " tag="024">
		<subfield code="a">princeton_aco001146</subfield>
		<subfield code="2">local</subfield>
	</datafield>
	<datafield ind1=" " ind2=" " tag="040">
		<subfield code="a">ZYU</subfield>
		<subfield code="b">eng</subfield>
		<subfield code="c">ZYU</subfield>
	</datafield>
	<datafield ind1=" " ind2=" " tag="079">
		<subfield code="a">ocm22315466</subfield>
	</datafield>
	<datafield ind1="1" ind2=" " tag="100">
		<subfield code="6">880-01</subfield>
		<subfield code="a">Rastgār Jūybārī, Yaʻsūb al-Dīn.</subfield>
	</datafield>
	<datafield ind1="1" ind2="0" tag="240">
		<subfield code="6">880-02</subfield>
		<subfield code="a">Tafsīr al-baṣāʼir</subfield>
	</datafield>
	<datafield ind1="1" ind2="0" tag="245">
		<subfield code="6">880-03</subfield>
		<subfield code="a">Kitāb Tafsīr al-baṣāʼir</subfield>
		<subfield code="h">[electronic resource] /</subfield>
		<subfield code="c">taʼlīf Yaʻsūb al-Dīn Rastgār al-Jūybārī.</subfield>
	</datafield>
	<datafield ind1=" " ind2=" " tag="260">
		<subfield code="6">880-04</subfield>
		<subfield code="a">Qum, Īrān :</subfield>
		<subfield code="b">al-Maṭbaʻah al-Islāmīyah,</subfield>
		<subfield code="c">1399- [1978 or 1979- ]</subfield>
	</datafield>
	<datafield ind1=" " ind2=" " tag="300">
		<subfield code="a">online resource (v.)</subfield>
	</datafield>
	<datafield ind1=" " ind2=" " tag="500">
		<subfield code="a">Title page partially vocalized.</subfield>
	</datafield>
	<datafield ind1=" " ind2=" " tag="500">
		<subfield code="6">880-05</subfield>
		<subfield code="a">Some vols. have title: al-Mujallad ... min Kitāb tafsīr al-baṣāʼir.</subfield>
	</datafield>
	<datafield ind1=" " ind2=" " tag="500">
		<subfield code="a">Vol. 40 published by the author.</subfield>
	</datafield>
	<datafield ind1=" " ind2=" " tag="500">
		<subfield code="a">&quot;33.&quot;</subfield>
	</datafield>
	<datafield ind1=" " ind2=" " tag="500">
		<subfield code="a">Part of the Arabic Collections Online (ACO) project, contributed by Princeton University Libraries.</subfield>
	</datafield>
	<datafield ind1=" " ind2=" " tag="533">
		<subfield code="a">Electronic reproduction.</subfield>
		<subfield code="b">New York, N.Y. :</subfield>
		<subfield code="c">New York University,</subfield>
		<subfield code="d">2018.</subfield>
		<subfield code="5">NNU</subfield>
	</datafield>
	<datafield ind1="0" ind2="0" tag="630">
		<subfield code="a">Qurʼan</subfield>
		<subfield code="x">Criticism, interpretation, etc.</subfield>
		<subfield code="0">(uri)http://id.loc.gov/authorities/subjects/sh85072959</subfield>
	</datafield>
	<datafield ind1=" " ind2="0" tag="650">
		<subfield code="a">Shīʻah</subfield>
		<subfield code="x">Doctrines.</subfield>
		<subfield code="0">(uri)http://id.loc.gov/authorities/subjects/sh85121391</subfield>
	</datafield>
	<datafield ind1="2" ind2=" " tag="710">
		<subfield code="a">Princeton University.</subfield>
		<subfield code="b">Library.</subfield>
	</datafield>
	<datafield ind1="0" ind2=" " tag="730">
		<subfield code="a">Arabic Collections Online.</subfield>
	</datafield>
	<datafield ind1="0" ind2=" " tag="740">
		<subfield code="6">880-06</subfield>
		<subfield code="a">Tafsīr al-baṣāʼir.</subfield>
	</datafield>
	<datafield ind1="0" ind2="8" tag="776">
		<subfield code="i">Print version:</subfield>
		<subfield code="a">Rastgār Jūybārī, Yaʻsūb al-Dīn.</subfield>
		<subfield code="t">Kitāb Tafsīr al-baṣāʼir</subfield>
		<subfield code="w">(NjP)498602</subfield>
		<subfield code="z">9645927196 (v. 40)</subfield>
		<subfield code="z">9789645927194 (v. 40)</subfield>
	</datafield>
	<datafield ind1="4" ind2="0" tag="856">
		<subfield code="u">http://hdl.handle.net/2333.1/1vhhmp8j</subfield>
	</datafield>
	<datafield ind1="1" ind2=" " tag="880">
		<subfield code="6">100-01</subfield>
		<subfield code="a">رستگار جويباري، يعسوب الدين.</subfield>
	</datafield>
	<datafield ind1="1" ind2="0" tag="880">
		<subfield code="6">240-02</subfield>
		<subfield code="a">تفسير البصائر</subfield>
	</datafield>
	<datafield ind1="1" ind2="0" tag="880">
		<subfield code="6">245-03</subfield>
		<subfield code="a">كتاب تفسير البصائر /</subfield>
		<subfield code="c">تأليف يعسوب الدين رستگار الجويباري.</subfield>
	</datafield>
	<datafield ind1=" " ind2=" " tag="880">
		<subfield code="6">260-04</subfield>
		<subfield code="a">قم، ايران :</subfield>
		<subfield code="b">المطبعة الاسلامية،</subfield>
		<subfield code="c">1399- [1978 or 1979- ]</subfield>
	</datafield>
	<datafield ind1=" " ind2=" " tag="880">
		<subfield code="6">500-05</subfield>
		<subfield code="a">Some vols. have title: المجلد ... من كتاب تفسير البصائر.</subfield>
	</datafield>
	<datafield ind1="0" ind2=" " tag="880">
		<subfield code="6">740-06</subfield>
		<subfield code="a">تفسير البصائر.</subfield>
	</datafield>
	<datafield ind1=" " ind2=" " tag="911">
		<subfield code="a">19941216</subfield>
	</datafield>
	<datafield ind1=" " ind2=" " tag="912">
		<subfield code="a">19980618033845.0</subfield>
	</datafield>
	<datafield ind1=" " ind2=" " tag="959">
		<subfield code="a">NNU</subfield>
		<subfield code="b">WEB</subfield>
		<subfield code="c">GENI</subfield>
		<subfield code="t">0</subfield>
		<subfield code="m">Electronic access</subfield>
		<subfield code="s">01</subfield>
	</datafield>
	<datafield ind1=" " ind2=" " tag="999">
		<subfield code="a">498602</subfield>
		<subfield code="s">princeton_aco001019:mujallad 30</subfield>
		<subfield code="s">princeton_aco001146:mujallad 1</subfield>
		<subfield code="s">princeton_aco001020:mujallad 31</subfield>
		<subfield code="s">princeton_aco001021:mujallad 32</subfield>
		<subfield code="s">princeton_aco001022:mujallad 41</subfield>
		<subfield code="s">princeton_aco001023:mujallad 42</subfield>
		<subfield code="s">princeton_aco001024:mujallad 43</subfield>
		<subfield code="s">princeton_aco001025:mujallad 44</subfield>
		<subfield code="s">princeton_aco001026:mujallad 45</subfield>
		<subfield code="s">princeton_aco000846:mujallad 46</subfield>
		<subfield code="s">princeton_aco001027:mujallad 47</subfield>
		<subfield code="s">princeton_aco001028:mujallad 48</subfield>
		<subfield code="s">princeton_aco001029:mujallad 49</subfield>
		<subfield code="s">princeton_aco001030:mujallad 50</subfield>
		<subfield code="s">princeton_aco001031:mujallad 51</subfield>
		<subfield code="s">princeton_aco001032:mujallad 52</subfield>
		<subfield code="s">princeton_aco001033:mujallad 53</subfield>
		<subfield code="s">princeton_aco001034:mujallad 54</subfield>
		<subfield code="s">princeton_aco001035:mujallad 55</subfield>
		<subfield code="s">princeton_aco001036:mujallad 56</subfield>
		<subfield code="s">princeton_aco001037:mujallad 57</subfield>
		<subfield code="s">princeton_aco001038:mujallad 58</subfield>
	</datafield>
</record>
